0000028071072505        00178299  DE MEYER LUC              KREDBEBB   00820512013 00000                                       2
12135BE33737018595246                  EUR0000000011812700270710NOVIAT NV                 KBC-Business Comfortrekening       003
2100010000OL44483FW SCTOFBIONLO1000000000435000280710001010000MEDEDELING                                           28071013501 0
2200010000                                                                                        GKCCBEBB                   1 0
2300010000BE41063012345610                     PARTNER 1                                                                     0 1
3100010001OL44483FW SCTOFBIONLO001010001001PARTNER 1                                                                         0 0
2100020000OL4414AC8BOVSOVSOVERS00000000030444502807100015000002010237                                              28071013501 0
2200020000                                                                                        BBRUBEBB                   1 0
2300020000BE61310126985517                     PARTNER 2                                                                     0 1
3100020001OL4414AC8BOVSOVSOVERS001500001001PARTNER 2                                                                         1 0
3200020001MOLENSTRAAT 60                     9340    LEDE                                                                    0 0
2100030000AFECA0CVA IKLINNINNIG1000000000479040280710313410000              KBC-INVESTERINGSKREDIET 737-6543210-21 28071013510 0
2100030001AFECA0CVA IKLINNINNIG1000000000419920280710813410660                                                     28071013500 0
2100030002AFECA0CVA IKLINNINNIG1000000000059120280710813410020                                                     28071013510 0
2100040000AFECA0CVA IKLINNINNIG1000000000479040280710313410000              KBC-INVESTERINGSKREDIET 737-6543210-21 28071013510 0
2100040001AFECA0CVA IKLINNINNIG1000000000419920280710813410660                                                     28071013500 0
2100040002AFECA0CVA IKLINNINNIG1000000000059120280710813410020                                                     28071013510 0
2100050000AOGM00160BSCTOBOGOVER0000000000063740280710001500000TERUGGAVE 37232481 8400083296 .                      28071013501 0
2200050000                                                     362/363                            KREDBEBB                   1 0
2300050000BE43730004200601                     KBC VERZEKERINGEN NV                                                          0 1
3100050001AOGM00160BSCTOBOGOVER001500001001KBC VERZEKERINGEN NV                                                              1 0
3200050001VAN OVERSTRAETENPLEIN 2            3000    LEUVEN                                                                  0 0
8135BE44734024486445                  EUR0000000013527810280710                                                                0
9               000022000000001393080000000003108190                                                                           2
